@book{boyd2004convex,
  title={Convex optimization},
  author={Boyd, Stephen and Boyd, Stephen P and Vandenberghe, Lieven},
  year={2004},
  publisher={Cambridge university press}
}

@article{wright1999numerical,
  title={Numerical optimization},
  author={Wright, Stephen and Nocedal, Jorge and others},
  journal={Springer Science},
  volume={35},
  number={67-68},
  pages={7},
  year={1999}
}

@article{swamy1973sylvester,
  title={On Sylvester's criterion for positive-semidefinite matrices},
  author={Swamy, Kuduvally},
  journal={IEEE Transactions on Automatic Control},
  volume={18},
  number={3},
  pages={306--306},
  year={1973},
  publisher={IEEE}
}

@article{giorgi2017various,
  title={Various proofs of the Sylvester criterion for quadratic forms},
  author={Giorgi, Giorgio and others},
  journal={Journal of Mathematics Research},
  volume={9},
  number={6},
  pages={55--66},
  year={2017},
  publisher={Canadian Center of Science and Education}
}